% !TEX program = biber

% work in progress...

@book{goldblatt:topoi,
  author={Robert Goldblatt},
  title={Topoi: The Categorial Analysis of Logic},
  publisher={Dover Publications, Inc.},
  year={2006}
}

@online{leinster:category,
  author={Tom Leinster},
  title={Basic Category Theory},
  year={2016},
  url={https://arxiv.org/pdf/1612.09375.pdf}
}

@online{leinster:sets,
  author={Tom Leinster},
  title={Rethinking set theory},
  year={2012},
  url={https://arxiv.org/pdf/1212.6543.pdf}
}

@online{adamek-herrlich-strecker:cats,
  author={Ji\v r\'i Ad\'amek and Horst Herrlich and George E. Strecker},
  title={Abstract and Concrete Categories: The Joy of Cats},
  year={2004},
  url={http://katmat.math.uni-bremen.de/acc/acc.pdf}
}

@book{berarducci:insiemi,
  author={Alessandro Berarducci},
  title={Elementi di Teoria degli Insiemi},
  year={2016},
  url={http://people.dm.unipi.it/berardu/Didattica/2012-13ETI/Insiemi2012-13/insiemi2016.pdf}
}

